<record><leader>00000cas a22000007a 4500</leader><controlfield tag="001">10358540</controlfield><controlfield tag="008">840131d18271827meuwr ne      0    0eng d</controlfield><datafield ind1=" " ind2=" " tag="010"><subfield code="a">sn 84022344 </subfield></datafield><datafield ind1=" " ind2=" " tag="040"><subfield code="a">NPX</subfield><subfield code="b">eng</subfield><subfield code="c">NPX</subfield><subfield code="d">MBN</subfield><subfield code="d">OCLCQ</subfield></datafield><datafield ind1=" " ind2=" " tag="042"><subfield code="a">msc</subfield></datafield><datafield ind1=" " ind2=" " tag="043"><subfield code="a">n-us-me</subfield></datafield><datafield ind1="0" ind2=" " tag="130"><subfield code="a">American (Castine, Me.)</subfield></datafield><datafield ind1="1" ind2="4" tag="245"><subfield code="a">The American.</subfield></datafield><datafield ind1=" " ind2=" " tag="260"><subfield code="a">Castine, Me. :</subfield><subfield code="b">A.H. Hayes &amp; Co.,</subfield><subfield code="c">1827-</subfield></datafield><datafield ind1=" " ind2=" " tag="300"><subfield code="a">v.</subfield></datafield><datafield ind1=" " ind2=" " tag="310"><subfield code="a">Weekly</subfield></datafield><datafield ind1="0" ind2=" " tag="362"><subfield code="a">Vol. 1, no. 1 (June 20, 1827)-v. 1, no. 26 (Dec. 19, 1827).</subfield></datafield><datafield ind1=" " ind2=" " tag="500"><subfield code="a">Publisher: Benjamin F. Bond &amp; Co., &lt;1827&gt;.</subfield></datafield><datafield ind1=" " ind2=" " tag="752"><subfield code="a">United States</subfield><subfield code="b">Maine</subfield><subfield code="c">Hancock</subfield><subfield code="d">Castine.</subfield></datafield><datafield ind1="0" ind2="0" tag="785"><subfield code="t">Eastern American</subfield><subfield code="w">(DLC)sn 84022345</subfield></datafield></record>